<record><leader>00000cas a22000007a 4500</leader><controlfield tag="001">17801790</controlfield><controlfield tag="008">880418d19211933pauwr ne      0    0eng d</controlfield><datafield ind1=" " ind2=" " tag="010"><subfield code="a">sn 88080723 </subfield></datafield><datafield ind1=" " ind2=" " tag="040"><subfield code="a">NPH</subfield><subfield code="b">eng</subfield><subfield code="c">NPH</subfield><subfield code="d">OCLCQ</subfield></datafield><datafield ind1="0" ind2="4" tag="245"><subfield code="a">The Wilkinsburg progress.</subfield></datafield><datafield ind1=" " ind2=" " tag="260"><subfield code="a">Wilkinsburg, Pa. :</subfield><subfield code="b">Clark W. Kelly,</subfield><subfield code="c">1921-1933.</subfield></datafield><datafield ind1=" " ind2=" " tag="300"><subfield code="a">10 v. ;</subfield><subfield code="c">54 cm.</subfield></datafield><datafield ind1=" " ind2=" " tag="310"><subfield code="a">Weekly</subfield></datafield><datafield ind1="0" ind2=" " tag="362"><subfield code="a">Vol. 1, no. 1 (Sept. 1, 1921)-v. 10, no. 52 (July 28, 1933).</subfield></datafield><datafield ind1=" " ind2=" " tag="500"><subfield code="a">Serves "residents of Wilkinsburg, Edgewood &amp; Forest Hills."</subfield></datafield><datafield ind1=" " ind2=" " tag="752"><subfield code="a">United States</subfield><subfield code="b">Pennsylvania</subfield><subfield code="c">Allegheny</subfield><subfield code="d">Wilkinsburg.</subfield></datafield><datafield ind1="0" ind2="0" tag="785"><subfield code="t">Wilkinsburg gazette (Wilkinsburg, Pa.)</subfield><subfield code="w">(DLC)sn 88080721</subfield></datafield></record>